<?xml version="1.0" encoding="UTF-8"?>
<record xmlns="http://www.loc.gov/MARC21/slim">
   <leader>01291cam a2200337 a 4500</leader>
   <controlfield tag="001">577079</controlfield>
   <controlfield tag="008">880815s1987    abc          s000 0 eng c</controlfield>
   <datafield tag="035" ind1=" " ind2=" ">
      <subfield code="a">ocm66063412</subfield>
   </datafield>
   <datafield tag="040" ind1=" " ind2=" ">
      <subfield code="b">eng</subfield>
      <subfield code="d">AEEN</subfield>
   </datafield>
   <datafield tag="043" ind1=" " ind2=" ">
      <subfield code="a">n-cn-ab</subfield>
   </datafield>
   <datafield tag="049" ind1=" " ind2=" ">
      <subfield code="a">AEU</subfield>
      <subfield code="b">eng</subfield>
   </datafield>
   <datafield tag="055" ind1=" " ind2="3">
      <subfield code="a">SD 568 A3</subfield>
      <subfield code="b">P382 1987</subfield>
   </datafield>
   <datafield tag="090" ind1=" " ind2=" ">
      <subfield code="a">SD 146 A3 P363 1987</subfield>
      <subfield code="b">AEEN</subfield>
   </datafield>
   <datafield tag="090" ind1="0" ind2=" ">
      <subfield code="a">SD 568 A3 P382 1987</subfield>
   </datafield>
   <datafield tag="240" ind1="0" ind2="0">
      <subfield code="a">Pelican Spruce Mills Ltd. forest management agreement planning and harvesting ground rules.</subfield>
   </datafield>
   <datafield tag="245" ind1="0" ind2="0">
      <subfield code="a">Pelican Spruce Mills Ltd. forest management agreement planning and harvesting ground rules 1987</subfield>
   </datafield>
   <datafield tag="260" ind1=" " ind2=" ">
      <subfield code="a">[Edmonton?] :</subfield>
      <subfield code="b">Alberta Forestry, Lands and Wildlife, Forest Service,</subfield>
      <subfield code="c">Dec. 1987.</subfield>
   </datafield>
   <datafield tag="300" ind1=" " ind2=" ">
      <subfield code="a">v, 54 p. :</subfield>
      <subfield code="b">tables ;</subfield>
      <subfield code="c">28 cm.</subfield>
   </datafield>
   <datafield tag="336" ind1=" " ind2=" ">
      <subfield code="a">text</subfield>
      <subfield code="b">txt</subfield>
      <subfield code="2">rdacontent</subfield>
   </datafield>
   <datafield tag="337" ind1=" " ind2=" ">
      <subfield code="a">unmediated</subfield>
      <subfield code="b">n</subfield>
      <subfield code="2">rdamedia</subfield>
   </datafield>
   <datafield tag="338" ind1=" " ind2=" ">
      <subfield code="a">volume</subfield>
      <subfield code="b">nc</subfield>
      <subfield code="2">rdacarrier</subfield>
   </datafield>
   <datafield tag="500" ind1=" " ind2=" ">
      <subfield code="a">On cover: Pelican Spruce Mills Ltd., FMA planning and harvesting ground rules, Sturdi-wood by Pelican Mills.</subfield>
   </datafield>
   <datafield tag="500" ind1=" " ind2=" ">
      <subfield code="a">"Pub. No. Ref. 24."</subfield>
   </datafield>
   <datafield tag="596" ind1=" " ind2=" ">
      <subfield code="a">2 38</subfield>
   </datafield>
   <datafield tag="610" ind1="2" ind2="0">
      <subfield code="a">Pelican Spruce Mills Ltd.</subfield>
   </datafield>
   <datafield tag="650" ind1=" " ind2="0">
      <subfield code="a">Forest management</subfield>
      <subfield code="z">Alberta.</subfield>
   </datafield>
   <datafield tag="650" ind1=" " ind2="0">
      <subfield code="a">Forest policy</subfield>
      <subfield code="z">Alberta.</subfield>
   </datafield>
   <datafield tag="710" ind1="1" ind2=" ">
      <subfield code="a">Alberta.</subfield>
      <subfield code="b">Forest Service.</subfield>
   </datafield>
   <datafield tag="710" ind1="1" ind2=" ">
      <subfield code="a">Alberta.</subfield>
      <subfield code="b">Alberta Forestry, Lands and Wildlife.</subfield>
   </datafield>
   <datafield tag="926" ind1=" " ind2=" ">
      <subfield code="a">AGL_CAP</subfield>
      <subfield code="b">ON_SHELF</subfield>
      <subfield code="c">SD 146 A3 P363 1987</subfield>
      <subfield code="d">BOOK</subfield>
      <subfield code="f">1</subfield>
   </datafield>
   <datafield tag="926" ind1=" " ind2=" ">
      <subfield code="a">AGL_CAP</subfield>
      <subfield code="b">ARCHIVES</subfield>
      <subfield code="c">SD 146 A3 P363 1987</subfield>
      <subfield code="d">NO_LOAN</subfield>
      <subfield code="f">2</subfield>
   </datafield>
   <datafield tag="926" ind1=" " ind2=" ">
      <subfield code="a">UABARD</subfield>
      <subfield code="b">ON_SHELF</subfield>
      <subfield code="c">SD 568 A3 P382 1987</subfield>
      <subfield code="d">BOOK</subfield>
      <subfield code="f">1</subfield>
   </datafield>
</record>
